<record xmlns="http://www.loc.gov/MARC21/slim" xmlns:xsi="http://www.w3.org/2001/XMLSchema-instance" xsi:schemaLocation="http://www.loc.gov/MARC21/slim http://www.loc.gov/standards/marcxml/schema/MARC21slim.xsd"><leader>     nam a22        4500</leader><controlfield tag="001">3080924</controlfield><controlfield tag="003">NNC</controlfield><controlfield tag="006">m        d        </controlfield><controlfield tag="007">cr cn |||m|||a</controlfield><controlfield tag="008">150316s1950    ua      o     000 0 ara d</controlfield><datafield ind1=" " ind2=" " tag="040"><subfield code="a">NNU</subfield><subfield code="b">eng</subfield><subfield code="e">rda</subfield><subfield code="c">NNU</subfield></datafield><datafield ind1="1" ind2=" " tag="100"><subfield code="a">Mi&#772;rghani&#772;, Ja&#699;far ibn Muh&#803;ammad.</subfield></datafield><datafield ind1="1" ind2="3" tag="245"><subfield code="a">al-&#699;Uqu&#772;d al-fa&#772;&#700;iqah al-durri&#772;yah fi&#772; bathth qis&#803;s&#803;at al-isra&#772;&#700; bi-Sayyid walad &#699;Adna&#772;n,</subfield><subfield code="c">ta&#700;li&#772;f al-Sayyid Ja&#699;far al-S&#803;a&#772;diq najl al-Sayyid Muh&#803;ammad &#699;Uthman al-Mi&#772;rghani&#772;. Wayali&#772;ha&#772;: Di&#772;wa&#772;n Nafah&#803;a&#772;t al-ti&#772;b fi&#772; madh&#803; al-H&#803;abi&#772;b, lil-Sayyid Muh&#803;ammad &#699;Uthma&#772;n Ta&#772;j-al-Sirr ibn al-Sayyid Muh&#803;ammad Sirr-al-Khatm al-Mi&#772;rghani&#772;. Wayali&#772;hi: Jumlat qas&#803;a&#772;&#700;id lil-Sa&#772;dah al-Mi&#772;rghani&#772;yah wa-Khulafa&#772;&#700;ihim. Al-tab&#699;ah al-akhi&#772;rah.</subfield></datafield><datafield ind1=" " ind2=" " tag="260"><subfield code="a">Mis&#803;r,</subfield><subfield code="b">Maktabat Mus&#803;t&#803;afa&#772; al-Ba&#772;bi&#772; al-Halabi&#772;,</subfield><subfield code="c">1369 h., 1950 m.</subfield></datafield><datafield ind1=" " ind2=" " tag="300"><subfield code="a">online resource (144 pages)</subfield></datafield><datafield ind1=" " ind2=" " tag="336"><subfield code="a">text</subfield><subfield code="2">rdacontent</subfield></datafield><datafield ind1=" " ind2=" " tag="337"><subfield code="a">computer</subfield><subfield code="2">rdamedia</subfield></datafield><datafield ind1=" " ind2=" " tag="338"><subfield code="a">online resource</subfield><subfield code="2">rdacarrier</subfield></datafield><datafield ind1=" " ind2=" " tag="500"><subfield code="a">Part of the Arabic Collections Online (ACO) project, contributed by Columbia University Libraries.</subfield></datafield><datafield ind1=" " ind2=" " tag="533"><subfield code="a">Electronic reproduction.</subfield><subfield code="b">New York, N.Y. :</subfield><subfield code="c">New York University,</subfield><subfield code="d">2015.</subfield><subfield code="5">NNU</subfield></datafield><datafield ind1="2" ind2=" " tag="710"><subfield code="a">Columbia University.</subfield><subfield code="b">Libraries.</subfield></datafield><datafield ind1="0" ind2=" " tag="730"><subfield code="a">Arabic Collections Online.</subfield></datafield><datafield ind1="0" ind2="8" tag="776"><subfield code="i">Print version:</subfield><subfield code="a">Mi&#772;rghani&#772;, Ja&#699;far ibn Muh&#803;ammad.</subfield><subfield code="t">al-&#699;Uqu&#772;d al-fa&#772;&#700;iqah al-durri&#772;yah fi&#772; bathth qis&#803;s&#803;at al-isra&#772;&#700; bi-Sayyid walad &#699;Adna&#772;n</subfield><subfield code="w">(NNC)3080924</subfield><subfield code="w">(OCoLC)47934643</subfield></datafield><datafield ind1="4" ind2="0" tag="856"><subfield code="u">http://hdl.handle.net/2333.1/stqjq4qb</subfield></datafield><datafield ind1=" " ind2=" " tag="959"><subfield code="a">NNU</subfield><subfield code="b">WEB</subfield><subfield code="c">GENI</subfield><subfield code="t">0</subfield><subfield code="m">Electronic access</subfield><subfield code="s">01</subfield></datafield><datafield ind1=" " ind2=" " tag="999"><subfield code="i">NNC_3080924</subfield><subfield code="o">(OCoLC)ocm47934643 </subfield><subfield code="s">columbia_aco000364</subfield><subfield code="e">(ERROR-880)</subfield></datafield></record>